% Review of the missingness problem in mass spectrometry-based proteomics
@article{Bramer:review,
  title={{A review of imputation strategies for isobaric labeling-based shotgun proteomics}},
  author={Bramer L. and Irvahn J. and Piehowski P. and Rodland K. and Webb-Robertson B.J.},
  journal={Journal of Proteome Research},
  year={2021},
  volume = {20},
  pages = {1-13},
}

% Review of the missingness problem in mass spectrometry-based proteomics
@article{Webb-Robertson:review,
  title={{Review, evaluation and discussion of challenges of missing value imputation for mass spectrometry-based label-free global proteomics}},
  author={Webb-Robertson B.J. and Wiberg H. and Matzke M. and Brown J. and Wang J. and McDermott J. and Smith R. and Rodland K. and Metz T. and Pounds J. and Waters K.},
  journal={Journal of Proteome Research},
  year={2015},
  volume = {14},
  pages = {1993-2001},
}

% An ensemble of many different imputation strategies. Attempts to learn the pattern of missingness in the data, then pick the best performing imputation method for the data. 
@article{DIMA,
  title={{DIMA: Data-driven selection of an imputation algorithm}},
  author={Egert J. and Brombacher E. and Warscheid B. and Kreutz C.},
  journal={Journal of Proteome Research},
  year={2021},
  volume = {20},
  pages = {3489-3496},
}

% Introduces Perseus. An extension of the MaxQuant platform but more for data analysis and visualization
@article{Perseus,
  title={{The Perseus computational platform for comprehensive analysis of (prote)omics data}},
  author={Tyanova S. and Temu T. and Sinitcyn P. and Carlson A. and Hein M. and Geiger T. and Mann M. and Cox J.},
  journal={Nature Methods},
  year={2016},
  volume = {13},
  pages = {731-740},
}

% Benchmarking various MS imputation methods. Interesting in that it uses pathway analysis and DE protein analysis as evaluation metrics. Be careful not to overinterpret this one
@article{Jin,
  title={{A comparative study of evaluating missing value imputation methods in label-free proteomics.}},
  author={Jin L. and Bi Y. and Hu C. and Qu J. and Shen S. and Wang X. and Tian Y.},
  journal={Scientific Reports},
  year={2021},
  volume = {11},
  pages = {1760-1771},
}

% In the microarray context, good imputation is beneficial relative to no imputation. They simulate in missingness and show that imputation increases the accuracy of DE gene lists, decreases FDR relative to no imputation
@article{microarray-de,
  title={{DNA microarray data imputation and significance analysis of differential expression}},
  author={Jornsten R. and Wang H. and Welsh W. and Ouyang M.},
  journal={Bioinformatics},
  year={2005},
  volume = {21},
  pages = {4155-4161},
}

% Introducing kNN imputation for microarray data
@article{knn-impute,
  title={Missing value estimation method for {DNA} microarrays},
  author={Troyanskaya O. and Cantor M. and Sherlock G. and Brown P. and Hastie T. and Tibshirani R. and Botstein D. and Altman R.},
  journal={Bioinformatics},
  year={2001},
  volume = {17},
  pages = {520-525},
}

% Review of differentialmatrix factorization techniques used with respect to single-cell transcriptomics and earlier microarray experiments
@article{enter-the-matrix,
  title={{Enter the matrix: factorization uncovers knowledge from omics}},
  author={Stein-O’Brien G. and Arora R. and Culhane C. and Favorov A. and Garmire L. and Greene C. and Goff L. and Li Y. and Ngom A. and Ochs M. and Xu Y. and Fertig E.},
  journal={Trends in Genetics},
  year={2018},
  volume = {34},
  pages = {790-805},
}

% Introduces the MissForest algorithm for imputation of generic numerical data. Some application to proteomics, along with like 5 other random data types
@article{MissForest,
  title={{MissForest -- non-parametric missing value imputation for mixed-type data}},
  author={Stekhoven D. and Buhlmann P.},
  journal={Bioinformatics},
  year={2012},
  volume = {28},
  pages = {112-118},
}

% Jacob's method for using tensor decomp for learning a latent representation of the human epigenome from ENCODE data. One key point is imputation of missing epigenomic features
@article{Avocado,
  title={{Avocado: a multi-scale deep tensor factorization method leans a latent representation of the human epigenome}},
  author={Schreiber J. and Durham T. and Bilmes J. and Noble W.},
  journal={Genome Biology},
  year={2020},
  volume = {21},
  number = {81},
}

% Potentially the original MaxQuant publication. Some discussion of quantification accuracy and database searching FDR
@article{MaxQuant,
  title={{MaxQuant enables high peptide identification rates, individualized p.p.b.-range mass accuracies and proteome-wide protein quantification}},
  author={Cox J. and Mann M.},
  journal={Nature Biotechnology},
  year={2008},
  volume = {26},
  pages = {1367–1372},
}

% Introduces the PRIDE public database for proteomics
@article{PRIDE,
  title={{The PRIDE database and related tools and resources in 2019: improving support for quantification data}},
  author={Perez-Riverol Y. and Csordas A. and Bai J. and Bernal-Llinares M. and Hewapathirana S. and Kundu D. and Inuganti A. Griss J. and Mayer G. and Eisenacher M. and Perez E. and Uszkoreit J. and Pfeuffer J. and Sachsenberg T. and Yilmaz S. and Tiwary S. and Cox J. and Audain E. and Walzer M. and Jarnuczak A. and Ternent T. and Brazma A. and Vizcaino J.A.}, 
  journal={Nucleic Acids Research},
  year={2019},
  volume = {8},
  pages = {442-450},
}

% Will and Wout's ppx program for accessing proteomics data on PRIDE and other public repositories
@article{ppx,
  title={{ppx: Programmatic Access to Proteomics Data Repositories}},
  author={Fondrie W. and Bittremieux W. and Noble W.},
  journal={Journal of Proteome Research},
  year={2021},
  volume = {20},
  pages = {4621–4624},
}

% Introducing the CPTAC database for cancer proteomics
@article{CPTAC,
  title={{The CPTAC Data Portal: A Resource for Cancer Proteomics Research}},
  author={Edwards N. and Oberti M. and Thangudu R. and Cai S. and McGarvey P. and Jacob S. and Madhavan S. and Ketchum K.},
  journal={Journal of Proteome Research},
  year={2015},
  volume = {14},
  pages = {2707-2713},
}

% An imputation method that tries to distinguish between biological and technical zeros in single-cell RNAseq data
@article{ALRA,
  title={{Zero-preserving imputation of single-cell RNA-seq data}},
  author={Linderman G. and Zhao J. and Roulis M. and Bielecki P. and Flavell R. and Nadler B. and Kluger Y.},
  journal={Nature Communications},
  year={2022},
  volume = {13},
  number = {192},
}

% Data sharing in proteomics is getting better and the field is starting to resemble genomics in that respect. Plethora of public proteomics data presents unique opportunities for data analysis
@article{golden-age,
  title={{A golden age for working with public proteomics data}},
  author={Martens L. and Vizcaino J.},
  journal={Trends in Biomedical Sciences},
  year={2017},
  volume = {42},
  pages = {333-341},
}

% Bill's editorial -- proteomics has a problem with data sharing. Things have gotten better since 2004, but this is still a problem. 
@article{editorial,
  title={{Data hoarding is harming proteomics}},
  author={Noble W.},
  journal={Nature Biotechnology},
  year={2004},
  volume = {22},
  pages = {1209},
}

% Introduces the MassIVE.quant database
@article{massive-quant,
  title={{MassIVE.quant: a community resource of quantitative mass spectrometry–based proteomics datasets}},
  author={Choi M. and Carver J. and Chiva C. and Tzouros M. and Huang T. and Tsai T.H. and Pullman B. and Bernhardt O. and Huttenhain R. and Teo G.C. and Perez-Riverol Y. and Muntel J. and Muller M. and Goetze S. and Pavlou M. and Verschueren E. and Wollscheid B. and Nesvizhskii A. and Reiter L. and Dunkley T. and Sabido E. and Bandeira N. and Vitek O.},
  journal={Nature Methods},
  year={2020},
  volume = {17},
  pages = {981-984},
}

% ML method that attempts to learn the pattern of missingness in a dataset and modeling it to improve the imputation with an existing imputation method
@article{miracle,
  title={{MIRACLE: Causally-aware imputation via learning missing data mechanisms}},
  author={Kyono T. and Zhang Y. and Bellot A. and van der Schaar M.},
  journal={35th Conference on Neural Information Processing Systems (NeurIPS)},
  year={2021},
}

% DIA is more sensitive than traditional shotgun (DDA) proteomics. In terms of identification and quantification accuracy
@article{dia-vs-shotgun,
  title={{Extending the Limits of Quantitative Proteome Profiling with Data-Independent Acquisition and Application to Acetaminophen-Treated Three-Dimensional Liver Microtissues}},
  author={Brunderer R. and Bernhardt O. and Gandhi T. and Miladinovic S. and Cheng L.Y. and Messner S. and Ehrenberger T. and Zanotelli V. and Butscheid Y. and Escher C. and Vitek O. and Rinner O. and Reiter L.},
  journal={Molecular and Cellular Proteomics},
  year={2015},
  volume = {14},
  pages = {1400-1410},
}

% Review of matrix factorization methods used for microarray data analysis
@article{nmf-microarray,
  title={{Matrix Factorization Methods Applied in Microarray Data Analysis}},
  author={Kossenkov A. and Ochs M.},
  journal={International Journal of Data Mining and Bioinformatics},
  year={2010},
  volume = {4},
  pages = {72-90},
}

% NMF for denoising and feature extraction of astronomy images
@article{nmf-hubble,
  title={{Non-negative matrix factorization: Robust extraction of extended structures}},
  author={Ren B. and Pueyo L. and Zhu G. and Debes J. and Duchene G.},
  journal={The Astrophysical Journal},
  year={2018},
  volume = {852},
}

% NMF used for feature extraction in astronomy data. Used to identify interesting features in very large-scale astronomy data
@article{star-nmf,
  title={{Discriminating Variable Star Candidates in Large Image Databases from the HiTS Survey Using NMF}},
  author={Huijse P. and Estevez P. and Forster F. and Berrocal E.},
  journal={INNS Conference on Big Data},
  year={2015},
  volume = {53},
  pages = {29-38},
}

% Introduces Gromov-Wasserstein distance
@article{gw,
  title={{Gromov-Wasserstein distances and the metric approach to object matching}},
  author={Memoli F.},
  journal={Foundations of computational mathematics},
  year={2011},
  volume = {11},
  pages = {417-487},
}

% Missing values are a big problem for large-scale multi-batch TMT experiments. Missingness scales logarithmically at both the peptide and protein levels. This is an important one
@article{multi-tmt,
  title={{Multibatch TMT reveals false positives, batch effects and missing values}},
  author={Brenes A. and Hukelmann J. and Bensaddek D. and Lamond A.},
  journal={Molecular and Cellular Proteomics},
  year={2019},
  volume = {18},
  pages = {1967-1980},
}

% When proteomicists summarize at the protein level, they lose a lot of potentially valuable information. Peptide level encodes a lot more heterogeneity, and is probably more valuable to look at, in most contexts. 
@article{humpty-dumpty,
  title={{Putting Humpty Dumpty Back Together Again: What Does Protein Quantification Mean in Bottom-Up Proteomics?}},
  author={Plubell D. and Kall L. and Webb-Robertson B.J. and Bramer L. and Ives A. and Kelleher N. and Smith L. and Montine T. and Wu C. and MacCoss M.},
  journal={Journal of Proteome Research},
  year={2022},
  volume = {21},
  pages = {891-898},
}

% Protein abundances correlate remarkably well across worm and fly. Much better than mRNA levels across worm and fly, and much better than protein vs mRNA within the same species. Suggests that protein abundance is more evolutionarily conserved than transcript abundance. 
@article{worm-vs-fly,
  title={{Comparative Functional Analysis of the Caenorhabditis elegans
and Drosophila melanogaster Proteomes}},
  author={Schrimpf S. and Weiss M. and Reiter L. and Ahrens C. and Jovanovic M. and Malmstrom J. and Brunner E. and Mohanty S. and Lercher M. and Hunziker P. and Aebersold R. and von Mering C. and Hengartner M.},
  journal={PLoS Biology},
  year={2009},
  volume = {7},
}

% Very difficult to predict protein abundance from mRNA abundance. 
@article{gygi-yeast,
  title={{Correlation between protein and mRNA abundance in yeast}},
  author={Gygi S. and Rochon Y. and Franza R. and Aebersold R.},
  journal={Molecular and Cellular Biology},
  year={1999},
  volume = {19},
  pages = {1720-1730},
}

% Somewhat controversial but highly cited study that makes the case that 2/3 of proteins could potentially be glycosylated. Would be nice to have a stronger ref than this
@article{swiss-prot-99,
  title={{On the frequency of protein glycosylation, as deduced from analysis of the SWISS-PROT database}},
  author={Apweiler R. and Hermjakob H. and Sharon N.},
  journal={Biochimica et Biophysica Acta},
  year={1999},
  volume = {1473},
  pages = {4-8},
}

% NMF imputation of metabolomics data
@article{nmf-metabolomics,
  title={{NMF-Based Approach for Missing Values Imputation of Mass Spectrometry Metabolomics Data}},
  author={Xu J. and Wang Y. and Xu X. and Cheng K.K. and Raftery D. and Dong J.},
  journal={Molecules},
  year={2021},
  volume={26},
}

% Two step imputation approach that first involves estimating the pattern of missingness and then imputing with a method deemed to be optimal for the detected missingness pattern. 
@article{dekermanjian,
  title={{Mechanism‐aware imputation: a two‐step approach in handling missing values in metabolomics}},
  author={Dekermanjian J. and Shaddox E. and Nandy D. and Ghosh D. and Kechris K.},
  journal={BMC Bioinformatics},
  year={2022},
  volume={23},
}

% Compare several imputation methods on data with different patterns of simulated missingness. Conclusion is that optimal imputation method largely depends on the missingness pattern/mechanism
@article{lazar,
  title={{Accounting for the Multiple Natures of Missing Values in Label-Free Quantitative Proteomics Data Sets to Compare Imputation Strategies}},
  author={Lazar C. and Gatto L. and Ferro M. and Bruley C. and Burger T.},
  journal={Journal of Proteome Research},
  year={2016},
  volume={15},
  pages={1116-1125},
}

% Describes the MacCoss lab's DIA-only workflow. No need for an initial DDA scan to establish a spectral library. Instead they use pooled-sample, narrow-window DIA scans to establish a chromatograph library. Chromatograph library vs spectral library. 
This is EncyclopeDIA!
@article{chromatogram-DIA,
  title={{Chromatogram libraries improve peptide detection and quantification by data independent acquisition mass spectrometry}},
  author={Searle B. and Pino L. and Egertson J. and Ting Y. and Lawrence R. and MacLean B. and Villen J. and MacCoss M.},
  journal={Nature Communications},
  year={2018},
  volume={9},
  number={5128},
}

% From Aebersold lab, makes the case that most proteins are more temporally stable than most RNAs
@article{rna-v-protein-degredation,
  title={{Comparative analysis of mRNA and protein degradation in prostate tissues indicates high stability of proteins}},
  author={Shao W. and Guo T. and Toussaint N. and Xue P. and Wagner U. and Li L. and Charmpi C. and Zhu Y. and Wu J. and Buljan M. and Sun R. and Rutishauser D. and Hermanns T. and Fankhauser C.D. and Poyet C. and Ljubicic J. and Rupp N. and Ruschoff J. and Zhong Q. and Beyer A. and Ji J. and Collins B. and Liu Y. and Ratsch G. and Wild P. and Aebersold R.},
  journal={Nature Communications},
  year={2019},
  volume={10},
  number={2524},
}

% The first description of the Skyline software tool for proteomics data processing, I'm pretty sure. Limited to targeted proteomics (SRM + PRM)
@article{skyline,
  title={{Skyline: an open source document editor for creating and analyzing targeted proteomics experiments}},
  author={MacLean B. and Tomazela D. and Shulman N. and Chambers M. and Finney G. and Frewen B. and Kern R. and Tabb D. and Liebler D. and MacCoss M.},
  journal={Bioinformatics},
  year={2010},
  volume={26},
  pages={966-968},
}

% Skyline extended to DIA. Important to include
@article{skyline-dia,
  title={{Multiplexed peptide analysis using data-independent acquisition and Skyline}},
  author={Egertson J. and MacLean B. and Johnson R. and Xuan Y. and MacCoss M.},
  journal={Nature Protocols},
  year={2015},
  volume={10},
  pages={887-903},
}

% Description of ComBat method of batch correction. Here its applied to microarray data, but I'm pretty sure this is the classic reference that everyone uses
@article{combat,
  title={{Adjusting batch effects in microarray expression data using empirical Bayes methods}},
  author={Johnson W. and Li C.},
  journal={Biostatistics},
  year={2007},
  volume={8},
  pages={118-127},
}

% Panorama Public, from the MacCoss lab. A public repository for targeted proteomics data processed with Skyline
@article{panorama-public,
  title={{Panorama Public: A Public Repository for Quantitative Data Sets Processed in Skyline}},
  author={Sharma V. and Eckels J. and Schilling B. and Ludwig C. and Jaffe J. and MacCoss M. and MacLean B.},
  journal={Molecular and Cellular Proteomics},
  year={2018},
  volume={17},
  pages={1239–1244},
}

% This is a benchmarking study that is more concerned with upstream data processing steps (i.e. MaxQuant, OpenMS) than imputation methods, although the effects of various imputation methods are investigated. 
@article{valikangas,
  title={{A comprehensive evaluation of popular proteomics software workflows for label-free proteome quantification and imputation}},
  author={Välikangas T. and Suomi T. and Elo L.},
  journal={Briefings in Bioinformatics},
  year={2018},
  volume={19},
  pages={1344–1355},
}

% A high quality imputation method benchmarking study. Uses dilution series dataset as well as the classic and proteomic criteria from NAguideR. Clever use of significant proteins that should/should not be expressed in certain experimental conditions.
@article{dabke,
  title={{A simple optimization workflow to enable precise and accurate imputation of missing values in proteomic data sets}},
  author={Dabke K. and Kreimer S. and Jones M. and Parker S.},
  journal={Journal of Proteome Research},
  year={2021},
  volume={20},
  pages={3214-3229},
}

% Scooped our NMF impute idea. In-press at MCP
@article{ms-impute,
  title={{MsImpute: Estimation of missing peptide intensity data in label-free quantitative mass spectrometry}},
  author={Hediyeh-Zadeh S. and Webb A. and Davis M.},
  journal={Molecular and Cellular Proteomics},
  year={2023},
  doi={10.1016/j.mcpro.2023.100558}
}

% Fairly basic imputation method bake-off for metabolomics. NRMSE is the main evaluation criteria. 
@article{metab-bakeoff,
  title={{Missing value imputation approach for mass spectrometry-based metabolomics data}},
  author={Wei R. and Wang J. and Su M. and Jia E. and Chen S. and Chen T. and Ni Y.},
  journal={Scientific Reports},
  year={2018},
  volume={8},
  number={663},
  pages={fixme},
}

% NAguideR. Basically an R package that runs a whole bunch of different imputation methods on the data you give it and selects the best one. Uses both "classic" evaluation criteria as well as "proteomics specific."
@article{na-guide-r,
  title={{NAguideR: performing and prioritizing missing value imputations for consistent bottom-up proteomic analyses}},
  author={Wang S. and Li W. and Hu L. and Cheng J. and Yang H. and Liu Y.},
  journal={Neucleic Acids Research},
  year={2020},
  volume={48},
  number={14},
}

% Lindsay's serial dilution experiment
@article{matrix-matched-calib,
  title={{Matrix-matched calibration curves for assessing analytical figures of merit in quantitative proteomics}},
  author={Pino L. and Searle B. and Yang H.Y. and Hoofnagle A. and Noble W. and MacCoss M.},
  journal={Journal of Proteome Research},
  year={2020},
  volume={19},
  pages={1147-1153},
}

% PXD016079. A DDA experiment, quantified with MaxQuant. Use a t-test for DE analysis!
@article{pxd016079,
  title={{Comparative differential cuproproteomes of Rhodobacter capsulatus reveal novel copper homeostasis related proteins}},
  author={Selamoglu N. and Önder Ö. and Öztürk Y. and Khalfaoui-Hassani B. and Blaby-Hass C. and Garcia B. and Koch H.G. and Daldal F.},
  journal={Metallomics},
  year={2020},
  volume={12},
  pages={572-591},
}

% PXD014525. DIA experiment, MaxQuant. 
@article{pxd014525,
  title={{Rapid and site-specific deep phosphoproteome profiling by data-independent acquisition without the need for spectral libraries}},
  author={Bekker-Jensen D. and Bernhardt O. and Hogrebe A. and Martinez-Val A. and Verbeke L. and Gandhi T. and Kelstrup C. and Reiter L. and Olsen J.},
  journal={Nature Communications},
  year={2020},
  volume={11},
  number={787},
}

% PXD006109. DIA experiment, quantified with MaxQuant. 
@article{pxd006109,
  title={{BoxCar acquisition method enables single-shot proteomics at a depth of 10,000 proteins in 100 minutes}},
  author={Meier F. and Geyer P. and Virreira Winter S. and Cox J. and Mann M.},
  journal={Nature Methods},
  year={2018},
  volume={15},
  pages={440-448},
}

% The DIA assessment of AD from the MacCoss lab. We've been using data from this experiment for a while now; the study was finally published in Scientific Data. Looks like they most likely use a t-test for their differential expression analysis? 
@article{smtg-maccoss,
  title={{A peptide-centric quantitative proteomics dataset for the phenotypic assessment of Alzheimer's disease}},
  author={Merrihew G. and Park J. and Plubell D. and Searle B. and Keene D. and Larsen E. and Bateman R. and Perrin R. and Chhatwal J. and Farlow M. and McLean C. and Ghetti B. and Newell K. and Frosch M. and Montine T. and MacCoss M.},
  journal={Scientific Data},
  year={2023},
  volume={10},
  number={206},
}

% CPTAC S051. This is a large-scale TMT clinical dataset. 
@article{CPTAC-S051,
  title={{Microscaled proteogenomic methods for precision oncology}},
  author={Satpathy S. and Jaehnig E. and Krug K. and Kim B.J. and Saltzman  A. and Chan D. and Holloway K. and Anurag M. and Huang C. and Singh P. and Gao A. and Namai N. and Dou Y. and Wen B. and Vasaikar S. and Mutch D. and Watson M. and Ma C. and Ademuyiwa F. and Rimawi M. and Schiff R. and Hoog J. and Jacobs S. and Malovannaya A. and Hyslop T. and Clauser K. and Mani D. and Perou C. and Miles G. and Zhang B. and Gillette M. and Carr S. and Ellis M.},
  journal={Nature Communications},
  year={2020},
  volume={11},
  pages={532},
}

% CPTAC S047. This is another large-scale TMT clinical dataset. 
@article{CPTAC-S047,
   title={{Integrated proteogenomic characterization across major histological types of pediatric brain cancer}},
   author={Petralia F. and Tignor N. and Reva B. and Koptyra M. and Chowdhury S. and Rykunov D. and Krek A. and Ma W. and Zhu Y. and Ji J. and Calinawan A. and Whiteaker J. and Colaprico A. and Stathias V. and Omelchenko T. and Song X. and Raman P. and Guo Y. and Brown M. and Ivey R. and Szpyt J. and Thakurta S.G. and Gritsenko M. and Weitz K. and Lopez G. and Kalayci S. and Gumus Z. and Yoo S. and da Veiga Leprevost F. and Chang H.Y. and Krug K. and Katsnelson L. and Wang Y. and Kennedy J. and Voytovich U. and Zhao L. and Gaonkar K. and Ennis B. and Zhang B. and Baubet V. and Tauhid L. and Lilly J. and Mason J. and Farrow B. and Young N. and Leary S. and Moon J. and Petyuk V. and Nazarian J. and Adappa N. and Palmer J. and Lober R. and Rivero-Hinojosa S. and Wang L.B. and Wang J. and Broberg M. and Chu R. and Moore R. and Monroe M. and Zhao R. and Smith R. and Zhu J. and Robles A. and Mesri M. and Boja E. and Hiltke T. and Rodriguez H. and Zhang B. and Schadt E. and Mani D.R. and Ding L. and Iavarone A. and Wiznerowicz M. and Schurer S. and Chen X.S. and Heath A. and Rokita J.L. and Nesvizhskii A. and Fenyo D. and Rodland K. and Liu T. and Gygi S. and Paulovich A. and Resnick A. and Storm P. and Roo B. and Wang P. and Children's Brain Tumor Network and Clinical Proteomic Tumor Analysis Consortium},
   journal={Cell},
   year={2020},
   volume={183},
   pages={1962-1985},
 }

% PXD013792
@article{pxd013792,
  title={{Trafficking of siRNA precursors by the dsRBD protein blanks in Drosophila}},
  author={Nitschko V. and Kunzelmann S. and Frohlich T. and Arnold G. and Forstemann K.},
  journal={Nucleic Acids Research},
  year={2020},
  volume={48},
  pages={3906-3921},
}

% PXD014156
@article{pxd014156,
  title={{Using proteomics for an insight into the performance of activated sludge in a lab-scale WWTP}},
  author={Azizan A. and Kaschani F. and Barinas H. and Blaskowski S. and Kaiser M. and Denecke M.},
  journal={International Biodeterioration and Biodegradation},
  year={2020},
  volume={149},
  number={104934},
}

% PXD006348. t-tests for differentially expressed proteins!
@article{pxd006348,
  title={{Pan-proteomic analysis and elucidation of protein abundance among the closely related Brucella species, Brucella abortus and Brucella melitensis}},
  author={Murugaiyan J. and Eravci M. and Weise C. and Roesler U. and Sprague L. and Neubauer H. and Wareth G.},
  journal={Biomolecules},
  year={2020},
  volume={10},
  number={836},
}

% PXD011961 
@article{pxd011961,
  title={{Shifts in ribosomal engagement impact key gene sets in neurodevelopment and ubiquitination in Rett syndrome}},
  author={Rodrigues D. and Mufteev M. and Weatheritt R. and Djuric U. and Ha K. and Ross P.J. and Wei W. and Piekna A. and Sartori M. and Byres L. and Mok R. and Zaslavsky K. and Pasceri P. and Diamandis P. and Morris Q. and Blencowe B. and Ellis J.},
  journal={Cell Reports},
  year={2020},
  volume={30},
  pages={4179-4196},
}

% Philosopher data processing suite for quantitative proteomics.
@article{philosopher,
  title={{Philosopher: a versatile toolkit for shotgun proteomics data analysis}},
  author={da Veiga Leprevost F. and Haynes S. and Avtonomov D. and Chang H.Y. and Shanmugam A. and Mellacheruvu D. and Kong A. and Nesvizhskii A.},
  journal={Nature Methods},
  year={2020},
  volume={17},
  pages={869-870},
}

% ProteomeXchange
@article{ProteomeXchange,
  title={{ProteomeXchange provides globally coordinated proteomics data submission and dissemination}},
  author={Vizcaíno J. and Deutsch E. and Wang R. and Csordas A. and Reisinger F. and Ríos D. and Dianes J. and Sun Z. and Farrah T. and Bandeira N. and Binz P.A. and Xenarios I. and Eisenacher M. and Mayer G. and Gatto L. and Campos A. and Chalkley R. and Kraus H.J. and Albar J.P. and Martinez-Bartolomé S. and Apweiler R. and Omenn G. and Martens L. and Jones A. and Hermjakob H.},
  journal={Nature Biotechnology},
  year={2014},
  volume={32},
  pages={223–226},
}

% UpsetR R package
@article{UpsetR,
  title={{UpSetR: an R package for the visualization of intersecting sets and their properties}},
  author={Conway J. and Lex A. and Gehlenborg N.},
  journal={Bioinformatics},
  year={2017},
  volume={33},
  pages={2938–2940},
}

% pcaMethods R package
@article{pcaMethods,
  title={{pcaMethods—a bioconductor package providing PCA methods for incomplete data}},
  author={Stacklies W. and Redestig H. and Scholz M. and Walther D. and Selbig J.},
  journal={Bioinformatics},
  year={2007},
  volume={23},
  pages={1164–1167},
}

% missMDA R package
@article{missMDA,
  title={{missMDA: a package for handling missing values in multivariate data analysis}},
  author={Josse J. and Husson F.},
  journal={Journal of Statistical Software},
  year={2016},
  volume={70},
  number={1},
}

% VIM R package
@article{VIM,
  title={{Imputation with the R package VIM}},
  author={Kowarik A. and Templ M.},
  journal={Journal of Statistical Software},
  year={2016},
  volume={74},
  number={7},
}

% PXD007683. TMT paper from the Gygi lab. Human-yeast spike-in experiment. Use a t-test for their DE analysis! 
@article{pxd007683,
  title={{Proteome-wide evaluation of two common protein quantification methods}},
  author={O’Connell J. and Paulo J. and O’Brien J. and Gygi S.},
  journal={Journal of Proteome Research},
  year={2018},
  volume={17},
  pages={1934–1942},
}

% bioRxiv preprint that introduces three new deep learning-based impute methods for proteomics, from Mattias Mann, Novo Nordisk and Broad. 
@article{webel-deep-impute,
  title={{Imputation of label-free quantitative mass spectrometry-based proteomics data using self-supervised deep learning}},
  author={Webel H. and Niu L. and Nielsen A.B. and Locard-Paulet M. and Mann M. and Jensen L.J. and Rasmussen S.},
  journal={Nature Communications},
  year={2024},
  doi={10.1038/s41467-024-48711-5},
}

% Introduces a statistical procedure for stabilizing the observed variance in microarray data
@article{microarray-var-stable,
  title={{A variance-stabilizing transformation for gene expression microarray data}},
  author={Durbin B. and Hardin J. and Hawkins D. and Rocke D.},
  journal={Bioinformatics},
  year={2002},
  volume={18},
  pages={S105-S110},
}

% Introduces a zero-inflated negative binomial model for denoising scRNA-seq data. 
@article{ZINB,
  title={{A general and flexible method for signal extraction from single-cell RNA-seq data}},
  author={Risso D. and Perraudeau F. and Gribkova S. and Dudoit S. and Vert J.P.},
  journal={Nature Communications},
  year={2018},
  volume={9},
  number={284},
}

% Introduces a negative binomial-based variance stabilization procedure for scRNA-seq data
@article{neg-binom-scRNAseq,
  title={{Normalization and variance stabilization of single-cell RNA-seq data using regularized negative binomial regression}},
  author={Hafemeister C. and Satija R.},
  journal={Genome Biology},
  year={2019},
  volume={20},
  number={296},
}

% A formal derivation of the use of Poisson/Gaussian distributions to describe MS-MS data based on first principles and physical properties of the instrument.
@article{ms-dist-derivation,
  title={{Derivation from first principles of the statistical distribution of the mass peak intensities of MS data}},
  author={Ipsen A.},
  journal={Analytical Chemistry},
  year={2015},
  volume={87},
  pages={1726-1734},
}

% Outlines some theoretical arguments for statistical modeling of LC-MS data.
@article{stat-theory-lcms,
  title={{Prospects for a statistical theory of LC/TOFMS data}},
  author={Ipsen A. and Ebbels T.},
  journal={Journal of the American Society of Mass Spectrometry},
  year={2012},
  volume={23},
  pages={779-791},
}

% Provides evidence that scRNA-seq imputation can generate a lot of false positives
@article{scRNAseq-false-signals,
  title={{False signals induced by single-cell imputation}},
  author={Andrews T. and Hemberg M.},
  journal={F1000 Research},
  year={2019},
  volume={7},
  number={1740},
}

% Makes the case that imputation should not be used for gene network reconstruction from scRNA-seq data
@article{sc-impute-gene-networks,
  title={{Effect of imputation on gene network reconstruction from single-cell RNA-seq data}},
  author={Ly L.H. and Vingron M.},
  journal={Patterns},
  year={2022},
  volume={3},
  number={100414},
}

% Variance stabilization of ChiP-seq measurements. Have similar overdispersion figures to the ones I generated. 
@article{variance-stable,
  title={{VSS: variance-stabilized signals for sequencing-based genomic signals}},
  author={Bayat F. and Libbrecht M.},
  journal={Bioinformatics},
  year={2021},
  volume={37},
  pages={4383–4391},
}

% A review of the practice of multiple imputation for clinical and epidemiological data
@article{multi-impute-clinical,
  title={{Multiple imputation for missing data in epidemiological and clinical research: potential and pitfalls}},
  author={Sterne J. and White I. and Carlin J. and Spratt M. and Royston P. and Kenward M. and Wood A. and Carpenter J.},
  journal={BMJ},
  year={2009},
  volume={338},
  number={b2393},
}

% Reference for local similarity impute for astronomy data
@article{astro-impute1,
  title={{Estimation of missing values in astronomical survey data: An improved local approach using cluster directed neighbor selection}},
  author={Keerin P. and Boongoen T.},
  journal={Information Processing and Management},
  year={2022},
  volume={59},
  pages={102881},
}

% Another reference for missing data imputation for astronomy data. This one is from NeurIPS 2021
@article{astro-impute2,
  title={{Missing data imputation for galaxy redshift estimation}},
  author={Luken K. and Padhy R. and Wang X.R.},
  journal={NeurIPS; Fourth Workshop on Machine Learning and the Physical Sciences},
  year={2021},
}

% MAGIC method for imputing and denoising scRNA-seq data
@article{magic-scRNA,
  title={{Recovering gene interactions from single-cell data using data diffusion}},
  author={van Dijk D. and Sharma R. and Nainys J. and Yim K. and Kathail P. and Carr A. and Burdziak C. and Moon K. and Chaffer C. and Pattabiraman D. and Bierie B. and Mazutis L. and Wolf G. and Krishnaswamy S. and Pe’er D.},
  journal={Cell},
  year={2018},
  volume={174},
  pages={716-729},
}

% Investigates variance heterogeneity in iTRAQ quants and uses a generalized logarithmic variance-stabilizing normalization to correct for it. Also suggests that log transform doesn't totally stabilize variance. Propose a two component, additive multiplicative error model to account for variance structure. 
@article{iTRAQ-variance,
  title={{Addressing accuracy and precision issues in iTRAQ quantitation}},
  author={Karp N. and Huber W. and Sadowski P. and Charles P. and Hester S. and Lilley K.},
  journal={Molecular and Cellular Proteomics},
  year={2010},
  volume={9},
  pages={1885-1897},
}

% Quantifies error in processed MS data with a two-component error model. 
@article{ms-noise-2-component,
  title={{Quantifying reproducibility for differential proteomics: noise analysis for protein liquid chromatography-mass spectrometry of human serum}},
  author={Anderle M. and Roy S. and Lin H. and Becker C. and Joho K.},
  journal={Bioinformatics},
  year={2004},
  volume={20},
  pages={3575–3582},
}

% Introduces a variance stabilizing transformation for microarray counts. In theory, people can use it for protein quants. 
@article{variance-stable-microarray,
  title={{Variance stabilization applied to microarray data calibration and to the quantification of differential expression}},
  author={Huber W. and von Heydebreck A. and Sultmann H. and Poustka A. and Vingron M.},
  journal={Bioinformatics},
  year={2002},
  volume={18},
  pages={S96-104},
}

% Uses Poisson statistics to model arrivals in ion-counting mass spectrometers
@article{kimmel-2005,
  title={{Peak height precision in Hadamard transform time-of-flight mass spectra}},
  author={Kimmel J. and Kyu Yoon O. and Zuleta I. and Trapp O. and Zare R.},
  journal={American Society of Mass Spectrometry},
  year={2005},
  volume={16},
  pages={1117–1130},
}

% A new R package for proteomics DE analysis. The benchmark performance of their method against some other popular ones on a couple of "gold standard" datasets. Conclude, among other things, that imputation doesn't help DE analysis. 
@article{prolfqua,
  title={{prolfqua: A comprehensive R-package for proteomics differential expression analysis}},
  author={Wolski W. and Nanni P. and Grossmann J. and d'Errico M. and Schlapbach R. and Panse C.},
  journal={Journal of Proteome Research},
  year={2023},
  volume={22},
  pages={1092–1104},
}

% The original Benjamini-Hochberg FDR correction procedure paper. This introduces the idea of the BH procedure for FDR control, but doesn't actually introduce the concept of the BH adjustment. 
@article{bj-fdr,
  title={{Controlling the false discovery rate: a practical and powerful approach to multiple testing}},
  author={Benjamini Y. and Hochberg Y.},
  journal={Journal of the Royal Statistical Society},
  year={1995},
  volume={57},
  pages={289-300},
}

% This one actually introduces the concept of the BH *adjustment*
@article{bj-adjust,
  title={{Selective inference in complex research}},
  author={Benjamini Y. and Heller R. and Yekutieli D.},
  journal={Philosophical Transactions of the Royal Society A},
  year={2009},
  volume={367},
  pages={4255-4271},
}

% This study benchmarks some MS data analysis packages. Including this at behest of Reviewer 2.
@article{bai-2023,
  title={{LFQ-based peptide and protein intensity differential expression analysis}},
  author={Bai M. and Deng J. and Dai C. and Pfeuffer J. and Sachsenberg T. and Perez-Riverol Y.},
  journal={Journal of Proteome Research},
  year={2023},
  volume={22},
  pages={2114-2123},
}

% New instrumentation/methods paper from the Mann lab, and others. I'm citing bc they use a t-test to do their DE analysis
@article{brunner-2022,
  title={{Ultra-high sensitivity mass spectrometry quantifies single-cell proteome changes upon perturbation}},
  author={Brunner A.D. and Thielert M. and Vasilopoulou C. and Ammar C. and Coscia F. and Mund A. and Hoerning O. and Bache N. and Apalategui A. and Lubeck M. and Richter S. and Fischer D. and Raether O. and Park M. and Meier F. and Theis F. and Mann M.},
  journal={Molecular Systems Biology},
  year={2022},
  volume={18},
  number={e10798},
}

% MSstats
@article{ms-stats,
  title={{MSstats Version 4.0: Statistical Analyses of Quantitative Mass Spectrometry-Based Proteomic Experiments with Chromatography-Based Quantification at Scale}},
  author={Kohler D. and Staniak M. and Tsai T.H. and Schulman N. and Bernhardt O. and MacLean B. and Nesvizhskii A. and Reiter L. and Sabido E. and Choi M. and Vitek O.},
  journal={Journal of Proteome Research},
  year={2023},
  volume={22},
  pages={1466–1482},
}

% Demonstrates that your protein quant values are going to be very different depending on how you do peptide to protein roll-up
@article{boekweg-2023,
  title={{Challenges and opportunities for single-cell computational proteomics}},
  author={Boekweg H. and Payne S.},
  journal={Molecular and Cellular Proteomics},
  year={2023},
  volume={22},
  number={4},
}

% My article!
@article{ms-impute-bench,
  title={{Evaluating proteomics imputation methods with improved criteria}},
  author={Harris L. and Fondrie W. and Oh S. and Noble W.},
  journal={Journal of Proteome Research},
  year={2023},
  volume={22},
  number={11},
  pages={3427-3438},
}

% This review-ish paper from Gordon Smyth's lab. Makes the case that most missingness in proteomics is intensity dependent
@article{mengbo-2023,
  title={{Neither random nor censored: estimating intensity-dependent probabilities for missing values in label-free proteomics}},
  author={Li M. and Smyth G.},
  journal={Bioinformatics},
  year={2023},
  volume={39},
  number={5},
}

% PREDICTD for epigeomics imputation
@article{predictd-2018,
  title={{PREDICTD PaRallel Epigenomics Data Imputation with Cloud-based Tensor Decomposition}},
  author={Durham T. and Libbrecht M. and Howbert J. and Bilmes J and Noble W.},
  journal={Nature Communications},
  year={2018},
  volume={9},
  number={1402},
}

% The GPT-4 whitepaper from 2023
@article{gpt4-2023,
  title={{Sparks of artificial general intelligence: Early experiments with GPT-4}},
  author={Bubeck S. and Chandrasekaran V. and Eldan R. and Gehrke J. and Horvitz E. and Kamar E. and Lee P. and Lee Y.T. and Li Y. and Lundberg S. and Nori H. and Palangi H. and Ribeiro M.T. and Zhang Y.},
  journal={arXiv},
  year={2023},
}

% The Enformer model from David Kelley's lab. Uses a transformer to to cis-regulatory element prediction
@article{enformer-2023,
  title={{Effective gene expression prediction from sequence by integrating long-range interactions}},
  author={Avsec Z. and Agarwal V. and Visentin D. and Ledsam J. and Grabska-Barwinska A. and Taylor K. and Assael Y. and Jumper J. and Kohli P. and Kelley D. },
  journal={Nature Methods},
  year={2021},
  volume={18},
  pages={1196-1203},
}

% Used a transformer to learn embeddings for a whole bunch of proteins
@article{rives-2021,
  title={{Biological structure and function emerge from scaling unsupervised learning to 250 million protein sequences}},
  author={Rives A. and Meier J. and Sercu T. and Goyal S. and Lin Z. and Liu J. and Guo D. and Ott M. and Zitnick L. and Fergus R.},
  journal={Proceedings of the National Academy of Sciences},
  year={2021},
  volume={118},
  number={15},
}

% I think this conference proceeding introduces the transformer model, or at least the concept of attention for transformers
@article{attention-2017,
  title={{Attention is all you need}},
  author={Vaswani A. and Shazeer N. and Parmar N. and Uszkoreit J. and Jones L. and Gomez A. and Kaiser L. and Polosukhin I.},
  journal={31st Conference on Neural Information Processing Systems},
  year={2017},
}

% The CPTAC article associated with the data were working with. The Methods section describes the University of Michigan's data processing pipeline
@article{pan-cancer,
  title={{Proteogenomic data and resources for pan-cancer analysis}},
  author={Li Y. and Dou Y. and Da Veiga Leprevost F. and Geffen Y. and Calinawan A. and Aguet F. and Akiyama Y. and Anand S. and Birger C. and Cao S. and Chaudhary R. and Chilappagari P. and Cieslik M. and Colaprico A. and Zhou D.C. and Day C. and Domagalski M. and Selvan M.E. and Fenyo D. and Foltz S. and Francis A. and Gonzalez-Robles T. and Gumus Z. and Heiman D. and Holck M. and Hong R. and Hu Y. and Jaehnig E. and  Ji J. and Jiang W. and  Katsnelson L. and  Ketchum K. and Klein R. and Lei J. and Liang W. and Liao Y. and Lindgren C. and Ma W. and Ma L. and MacCoss M. and Rodrigues F.M. and McKerrow W. and Nguyen N. and Oldroyd R. and Pilozzi A. and Pugliese P. and Reva B. and Rudnick P. and Ruggles K. and Rykunov D. and Savage S. and Schnaubelt M. and Schraink T. and Shi Z. and Singhal D. and Song X. and Storrs E. and Terekhanova N. and Thangudu R. and Thiagarajan M. and Wang L. and Wang J. and Wang Y. and Wen B. and Wu Y. and Wyczalkowski M. and Xin Y. and Yao L. and  Yi X. and Zhang H. and Zhang Q. and Zuhl M. and Getz G. and Ding L. and Nesvizhskii A. and Wang P. and Robles A. and Zhang B. and Payne S. and Clinical Proteomic Tumor Analysis Consortium},
  journal={Cancer Cell},
  year={2023},
  volume={41},
  number={8},
  pages={1397-1406},
}

% The new large-scale TMT study of AD from Nick Seyfried's lab
@article{seyfried-AD-TMT,
  title={{Large-scale deep proteomic analysis in Alzheimer’s Disease brain regions across race and ethnicity}},
  author={Seifar F. and Fox E. and Shantaraman A. and  Liu Y. and Dammer E. and  Modeste E. and Duong D. and Yin L. and Trautwig A. and Guo Q. and Xu K. and Ping L. and Reddy J. and Allen M. and Quicksall Z. and Heath L. and Scanlan J. and Wang E. and Wang M. and Vander Linden A. and Poehlman W. and Chen X. and Baheti S. and Ho C. and Nguyen T. and Yepez G. and Mitchell A. and Oatman S. and Wang X. and Carrasquillo M. and Runnels A. and Beach T. and Serrano G. and Dickson D. and Lee E. and Golde T. and Prokop S. and Barnes L. and Zhang B. and Haroutunian V. and Gearing M. and Lah J. and De Jager P. and Bennett D. and Greenwood A. and Ertekin-Taner N. and Levey A. and Wingo A. and Wingo T. and Seyfried N.},
  journal={bioRxiv},
  year={2024},
}

% DreamAI, an ensemble method for CPTAC/TMT proteomics imputation, developed by the CPTAC consortium itself. 
@article{dream-ai,
  title={{DreamAI: algorithm for the imputation of proteomics data}},
  author={Ma W. and Kim S. and Chowdhury S. and Li Z. and Yang M. and Yoo S. and Petralia F. and Jacobsen J. and Jessica Li J. and Ge X. and Li K. and Yu T. and Calinawan A. and Edwards N. and Payne S. and Boutros P. and Rodriguez H. and Stolovitzky G. and Zhu J. and Kang J. and Fenyo D. and Saez-Rodriguez J. and Wang P.},
  journal={bioRxiv},
  year={2021},
}

% SHAP values
@article{shap,
  title={{A unified approach to interpreting model predictions}},
  author={Lundgerg S. and Lee S.},
  journal={31st Conference on Neural Information Processing Systems},
  year={2017},
}

% Yet another CPTAC (Cell) publication. This one has the differentially expressed proteins that we compare against. 
@article{savage-2024,
  title={{Pan-cancer proteogenomics expands the landscape of therapeutic targets}},
  author={Savage S. and Yi X. and Lei J. and Wen B. and Zhao H. and Liao Y. and Jaehnig E. and Somes L. and Shafer P. and Lee T. and Fu Z. and Dou Y. and Shi Z. and Gao D. and Hoyos V. and Gao Q. and Zhang B.},
  journal={Cell},
  year={2024},
  volume={187},
  pages={1-19},
}

% The CORUM database of protein complexes
@article{corum,
  title={{CORUM: the comprehensive resource of mammalian protein complexes–2022}},
  author={Tsitsiridis G. and Steinkamp R. and Giurgiu M. and Brauner B. and Fobo G. and Frishman G. and Montrone C. and Ruepp A.},
  journal={Nucleic Acids Research},
  year={2022},
  volume={51},
  pages={D539-D545},
}

% Casanovo
@article{casanovo,
  title={{Sequence-to-sequence translation from mass spectra to peptides with a transformer model}},
  author={Yilmaz M. and Fondrie W. and Bittremieux W. and Melendez C. and Nelson R. and Ananth V. and Oh S. and Noble W.},
  journal={Nature Communications},
  year={2024},
  volume={15},
  number={6427},
}

% Donald Rubin's 1976 work on missingness that introduced the terms MNAR, MAR and MCAR. 
@article{rubin-1976,
  title={{Inference and missing data}},
  author={Rubin D.},
  journal={Biometrika},
  year={1976},
  volume={63},
  number={3},
}

% AlphaFold3. One of the big pushes here was to study protein-ligand binding for drug discovery potential 
@article{alphaFold3,
  title={{Accurate structure predictions of biomolecular interactions with AlphaFold3}},
  author={Abramson J. and Adler J. and Dunger J. and Evans R. and Green T. and Pritzel A. and Ronneberger O. and Willmore L. and Ballard A. and Bambrick J. and Bodenstein S. and Evans D. and Hung C.C. and O’Neill M. and Reiman D. and Tunyasuvunakool K. and  Wu Z. and Zemgulyte A. and Arvaniti E. and Beattie C. and Bertolli O. and Bridgland A. and Cherepanov A. and Congreve M. and Cowen-Rivers A. and Cowie A. and Figurnov M. and Fuchs F. and Gladman H. and Jain R. and Khan Y. and Low C. and Perlin K. and Potapenko A. and Savy P. and Singh S. and Stecula A. and Thillaisundaram A. and Tong C. and Yakneen S. and Zhong E. and Zielinski M. and Zidek A. and Bapst V. and Kohli P. and Jaderberg M. and Hassabis D. and Jumper J.},
  journal={Nature},
  year={2024},
  volume={630},
  pages={493-500},
}

% MSFragger
@article{msfragger,
  title={{MSFragger: ultrafast and comprehensive peptide identification in mass spectrometry-based proteomics}},
  author={Kong A. and Leprevost F. and Avtonomov D. and Mellacheruvu D. and Nesvizhskii A.},
  journal={Nature Methods},
  year={2017},
  volume={14},
  number={5},
}

% ESM2
@article{esm2,
  title={{Evolutionary-scale prediction of atomic-level protein structure with a language model}},
  author={Lin Z. and Akin H. and Rao R. and Hie B. and Zhu Z. and Lu W. and Smetanin N. and Verkuil R. and Kabeli O. and Shmueli Y. and dos Santos Costa A. and Fazel-Zarandi M. and Sercu T. and Candido S. and Rives A. },
  journal={Science},
  year={2023},
  volume={379},
  pages={1123-1130},
}

% The prediction-powered inference framework from Michael I. Jordan's group. 
@article{ppi-2023,
  title={{Prediction-powered inference}},
  author={Angelopoulos A. and Bates S. and Fannjiang C. and Jordan M. and Zrnic T.},
  journal={Science},
  year={2023},
  volume={382},
  pages={669-674},
}

% Jeff Leek and John Storey introduce the idea of SVA for batch effects correction. I think the original application was genomics data, but I think this works for proteomics as well.
@article{sva,
  title={{The sva package for removing batch effects and other unwanted variation in high-throughput experiments}},
  author={Leek J. and Johnson W.E. and Parker H. and Jaffe A. and Storey J.},
  journal={Bioinformatics},
  year={2012},
  volume={28},
  number={6},
}

% Various musings on the future of single-cell proteomics, from some pretty big names in the field
@article{gatto-2023,
  title={{Initial recommendations for performing, benchmarking and reporting single-cell proteomics experiments}},
  author={Gatto L. and Aebersold R. and Cox J. and Demichev V. and Derks J. and Emmott E. and Franks A. and Ivanov A. and Kelly R. and Khoury L. and Leduc A. and MacCoss M. and Nemes P. and Perlman D. and Petelski A. and Rose C. and Schoof E. and Van Eyk J. and Vanderaa C. and Yates III J. and Slavov S. },
  journal={Nature Methods},
  year={2023},
  volume={20},
  pages={375-386},
}

% A fancy new scProteomics paper from the Steve Carr group
@article{carr-scprot,
  title={{Automated single-cell proteomics providing sufficient proteome depth to study complex biology beyond cell type classification}},
  author={Ctortecka C. and Clark N. and Boyle B. and Seth A. and Mani D.R. and Udeshi N. and Carr S.},
  journal={Nature Communications},
  year={2024},
  volume={15},
  number={5707},
}

% A very well known deep Learning textbook
@book{goodfellow-2016,
    title={Deep Learning},
    author={Goodfellow I. and Bengio Y. and Courville A.},
    publisher={MIT Press},
    note={\url{http://www.deeplearningbook.org}},
    year={2016}
}

% A textbook on ML for biomedical image analysis
@book{meyer-2014,
    title={Pattern Recognition and Signal Analysis in Medical Imaging},
    author={Meyer-Baese A. and Schmid V.},
    publisher={Academic Press},
    edition={2nd},
    note={\url{https://www.sciencedirect.com/book/9780124932906/pattern-recognition-in-medical-imaging}},
    chapter={Chapter 7 - Foundations of Neural Networks},
    year={2014}
}

% A review of MS-based biomarker discovery. Introduces this nice needle in a haystack metaphore. 
@article{veenstra-2006,
  title={{Global and targeted quantitative proteomics for biomarker discovery}},
  author={Veenstra T.},
  journal={Journal of Chromatography B},
  year={2006},
  volume={847},
  pages={3-11},
}

% Another review of enrichment of low-abundance proteins from serum for biomedical applications including biomarker discovery. Lists a lot of really good examples of specific disease biomarkers.
@article{boschetti-2023,
  title={{Low-abundance protein enrichment for medical applications: the involvement of combinatorial peptide library technique}},
  author={Boschetti E. and Giorgio Righetti P.},
  journal={International Journal of Molecular Sciences},
  year={2023},
  volume={24},
  number={10329},
}

% Another review, this time of liquid biopsies for biomarker detection in cancer. 
@article{yu-2021,
  title={{Exosome-based liquid biopsies in cancer: opportunities and challenges}},
  author={Yu W. and Hurley J. and Roberts D. and Chakrabortty S.K. and Enderle D. and Noerholm M. and Breakefield X.0. and Skog J.K.},
  journal={Annals of Oncology},
  year={2021},
  volume={32},
  number={4},
}

% Prosit for spectral library prediction
@article{prosit,
  title={{Prosit: proteome-wide prediction of peptide tandem mass spectra by deep learning}},
  author={Gessulat S. and Schmidt T. and Zolg D.P. and Samaras P. and Schnatbaum K. and Zerweck J. and Knaute T. and Rechenberger J. and Delanghe B. and Huhmer A. and Reimer U. and Ehrlich H.C. and Aiche S. and Kuster B. and Wilhelm M.},
  journal={Nature Methods},
  year={2019},
  volume={16},
  pages={509-518},
}

% Bo's AutoRT tool for peptide retention time prediction
@article{wen-2020,
  title={{Cancer neoantigen prioritization through sensitive and reliable proteogenomics analysis}},
  author={Wen B. and Li K. and Zhang Y. and Zhang B.},
  journal={Nature Communications},
  year={2020},
  volume={11},
  number={1759},
}

% Another CPTAC (Cell) publication that I need to cite
@article{clark-2019,
  title={{Integrated proteogenomic characterization of clear cell renal cell carcinoma}},
  author={Clark D. and Dhanasekaran S. and Petralia F. and Pan J. and Song X. and Hu Y. and da Veiga Leprevost F. and Reva B. and Lih T.S. and Chang H.Y. and Ma W. and Huang C. and Ricketts C. and Chen L. and Krek A. and Li Y. and Rykunov D. and Li Q.K. and Chen L. and Ozbek U. and Vasaikar S. and Wu Y. and Yoo S. and Chowdhury S. and Wyczalkowski M. and Ji J. and Schnaubelt M. and Kong A. and Sethuraman S. and Avtonomov D. and Ao M. and Colaprico A. and Cao S. and Cho K.C. and Kalayci S. and Ma S. and Liu W. and Ruggles K. and Calinawan A. and Gumus Z. and Geiszler D. and Kawaler E. and Teo G.C. and Wen B. and Zhang Y. and Keegan S. and Li K. and Chen F. and Edwards N. and Pierorazio P. and Chen X.S. and Pavlovich C. and Hakimi A.A. and Brominski G. and Hsieh J. and Antczak A. and Omelchenko T. and Lubinski J. and Wiznerowicz M. and Linehan W.M. and Kinsinger C. and Thiagarajan M. and Boja E. and Mesri M. and Hiltke T. and Robles A. and Rodriguez H. and Qian J. and Fenyo D. and Zhang B. and Ding L. and Schadt E. and Chinnaiyan A. and Zhang Z. and Omenn G. and Cieslik M. and Chan D. and Nesvizhskii A. and Wang P. and Zhang H. and Clinical Proteomic Tumor Analysis Consortium
  },
  journal={Cell},
  year={2019},
  volume={179},
  pages={964-983},
}

% Potentially the last CPTAC paper
@article{krug-2020,
  title={{Proteogenomic landscape of breast cancer tumorigenesis and targeted therapy}},
  author={Krug K. and Jaehnig E. and Satpathy S. and Blumenberg L. and Karpova A. and Anurag M. and Miles G. and Mertins P. and Geffen Y. and Tang L. and Heiman D. and Cao S. and Maruvka Y. and Lei J. and Huang C. and Kothadia R. and Colaprico A. and Birger C. and Wang J. and Dou Y. and Wen B. and Shi Z. and Liao Y. and Wiznerowicz M. and Wyczalkowski M. and Chen X.S. and Kennedy J. and Paulovich A. and Thiagarajan M. and Kinsinger C. and Hiltke T. and Boja E. and Mesri M. and Robles A. and Rodriguez H. and Westbrook T. and Ding L. and Getz G. and Clauser K. and Fenyo D. and Ruggles K. and Zhang B. and Mani D.R. and Carr S. and Ellis M. and Gillette M. and Clinical Proteomic Tumor Analysis Consortium},
  journal={Cell},
  year={2020},
  volume={183},
  pages={1436-1456},
}
